%%%%%%%%%%%%%%%%%%%%%%%%%%%%%%%%%%%%%%%%%%%%%%%%%%%%%%%%%%%%%%%%%%%%%%%%%%%%%%%%
%%%%%%%%%%%%%%%%%%%% INSERINDO COMENTÁRIOS EM ARQUIVOS .bib %%%%%%%%%%%%%%%%%%%%
%%%%%%%%%%%%%%%%%%%%%%%%%%%%%%%%%%%%%%%%%%%%%%%%%%%%%%%%%%%%%%%%%%%%%%%%%%%%%%%%
%
% 1. Como em outros arquivos LaTeX, comentários são iniciados por "%" e,
%    portanto, é preciso usar "\%" para imprimir o caractere "%". Esquecer
%    disso pode gerar erros difíceis de encontrar!
%
% 2. Não é possível inserir comentários dentro de uma entrada, apenas fora.
%
% 3. Não é possível incluir o caractere arroba em um comentário.
%
% 4. Se quiser desabilitar temporariamente um campo ("comentar" o campo),
%    troque seu nome para algum nome inválido, como "author-disable".
%    Se quiser fazer alguma observação permanente dentro de uma entrada,
%    você também pode usar algum nome de campo inválido, como "lembrete",
%    ou usar o campo "annotation", que normalmente é ignorado.
%
% 5. Se quiser desabilitar temporariamente uma entrada inteira ("comentar" a
%    entrada), não basta colocar "%" nas linhas correspondentes por causa do
%    caractere arroba; também é preciso remover a arroba.
%
% 6. Na verdade, as regras não são bem essas, mas segui-las é uma boa ideia:
%    https://tex.stackexchange.com/a/262282
%
% Por exemplo, esta entrada está comentada, ou seja, não tem efeito: se
% houvesse uma referência a ela no texto, a referência ficaria inválida.
% Observe que, para isso, o caractere arroba foi apagado!
%
%Book{JW82,
% author    = {Richard A. Johnson and Dean W. Wichern},
% title     = {Applied Multivariate Statistical Analysis},
% publisher = {Prentice-Hall},
% year      = {1983}
%}


%%%%%%%%%%%%%%%%%%%%%%%%%%%%%%%%%%%%%%%%%%%%%%%%%%%%%%%%%%%%%%%%%%%%%%%%%%%%%%%%
%%%%%%%%%%%%%%%%%%%%%%%%%%%%%%% O CAMPO "MONTH" %%%%%%%%%%%%%%%%%%%%%%%%%%%%%%%%
%%%%%%%%%%%%%%%%%%%%%%%%%%%%%%%%%%%%%%%%%%%%%%%%%%%%%%%%%%%%%%%%%%%%%%%%%%%%%%%%
%
% biblatex prefere o uso do campo "date" para definir ano, mês etc. No
% entanto, se você quiser garantir compatibilidade tanto com biblatex
% quanto com bibtex, use os campos "year" e "month". Ambos reconhecem
% diversos formatos para o campo "month", mas apenas um funciona
% corretamente com os dois: o nome do mês em inglês, abreviado com três
% letras minúsculas e sem chaves, ou seja:
%
% ...
% author = {Somebody},
% year = {2011},
% month = oct,
% title = {Some title},
% ...


%%%%%%%%%%%%%%%%%%%%%%%%%%%%%%%%%%%%%%%%%%%%%%%%%%%%%%%%%%%%%%%%%%%%%%%%%%%%%%%%

% Esta entrada não está em uso em tese.tex, apenas em
% apresentacao.tex, mas isso não é um problema: você pode
% ter um banco de dados com todos os papers que são de seu
% interesse e, em um dado texto, citar apenas alguns deles.
@article{10705752,
	author        = {Johnson, Brittany and Menzies, Tim},
	journal       = {IEEE Software},
	title         = {{ AI Over-Hype: A Dangerous Threat (and How to Fix It) }},
	year          = {2024},
	volume        = {41},
	number        = {06},
	issn          = {1937-4194},
	pages         = {131--138},
	abstract      = {An ethical approach to AI need not be revolutionary or exceptional. We argue that it is the ethical duty of software professionals to rally against AI over-hype. As shown here, this is not hard to do. If we apply just simple empirical methods, we can better monitor the true progress in AI for software engineering.},
	keywords      = {Ethics;Software development management;Artificial intelligence;Software engineering;Chatbots;Human computer interaction;Large language models;Social implications of technology;Human computer interaction},
	doi           = {10.1109/MS.2024.3439138},
	url           = {https://doi.ieeecomputersociety.org/10.1109/MS.2024.3439138},
	publisher     = {IEEE Computer Society},
	address       = {Los Alamitos, CA, USA},
	month         = nov
}
@article{10.1145/3715003,
	author        = {Terragni, Valerio and Vella, Annie and Roop, Partha and Blincoe, Kelly},
	title         = {The Future of AI-Driven Software Engineering},
	year          = {2025},
	issue_date    = {June 2025},
	publisher     = {Association for Computing Machinery},
	address       = {New York, NY, USA},
	volume        = {34},
	number        = {5},
	issn          = {1049-331X},
	url           = {https://doi.org/10.1145/3715003},
	doi           = {10.1145/3715003},
	abstract      = {A paradigm shift is underway in Software Engineering, with AI systems such as LLMs playing an increasingly important role in boosting software development productivity. This trend is anticipated to persist. In the next years, we expect a growing symbiotic partnership between human software developers and AI. The Software Engineering research community cannot afford to overlook this trend; we must address the key research challenges posed by the integration of AI into the software development process. In this article, we present our vision of the future of software development in an AI-driven world and explore the key challenges that our research community should address to realize this vision.},
	journal       = {ACM Trans. Softw. Eng. Methodol.},
	month         = may,
	articleno     = {120},
	numpages      = {20},
	keywords      = {Software Engineering, Artificial Intelligence, Machine Learning, Large Language Models, APIs, Libraries, Software Testing, Requirements Engineering}
}
@online{StackOverflow2024,
	author        = {{Stack Overflow}},
	title         = {{Stack Overflow Developer Survey 2024}},
	year          = {2024},
	url           = {https://survey.stackoverflow.co/2024/},
	urldate       = {2025-08-19}
}
@techreport{159342,
	author        = {},
	journal       = {IEEE Std 610.12-1990},
	title         = {{IEEE Standard Glossary of Software Engineering Terminology}},
	year          = {1990},
	volume        = {},
	number        = {},
	pages         = {1--84},
	keywords      = {Terminology;Software engineering;Standards;glossary;terminology;dictionary;Software engineering;Definitions},
	doi           = {10.1109/IEEESTD.1990.101064}
}
@techreport{ieee2019ai,
	title         = {{Artificial Intelligence}},
	institution   = {IEEE},
	address       = {Piscataway, NJ, USA},
	year          = {2019},
	month         = {June 24},
	type          = {Position Statement},
	url           = {https://globalpolicy.ieee.org/wp-content/uploads/2019/06/IEEE18029.pdf}
}
@misc{mckinsey2018-ai-impact,
	author        = {{McKinsey Global Institute}},
	title         = {{Notes from the AI frontier: Modeling the impact of AI on the world economy}},
	url           = {https://www.mckinsey.com/featured-insights/artificial-intelligence/notes-from-the-ai-frontier-modeling-the-impact-of-ai-on-the-world-economy},
	year          = {2018},
	month         = sep,
	note          = {Acesso em: 25 ago. 2025}
}
